<?xml version="1.0" encoding="UTF-8"?><record xmlns="http://www.loc.gov/MARC21/slim" xmlns:cinclude="http://apache.org/cocoon/include/1.0" xmlns:zs="http://www.loc.gov/zing/srw/">
  <leader>00382nz  a2200121n  4500</leader>
  <controlfield tag="001">n  86859514 </controlfield>
  <controlfield tag="003">DLC</controlfield>
  <controlfield tag="005">19861021072744.3</controlfield>
  <controlfield tag="008">861021n| acannaab|          |n aad |||  </controlfield>
  <datafield tag="010" ind1=" " ind2=" ">
    <subfield code="a">n  86859514 </subfield>
  </datafield>
  <datafield tag="040" ind1=" " ind2=" ">
    <subfield code="a">DLC</subfield>
    <subfield code="c">DLC</subfield>
  </datafield>
  <datafield tag="100" ind1="1" ind2="0">
    <subfield code="a">Coulon, Marcel,</subfield>
    <subfield code="d">1873-</subfield>
  </datafield>
  <datafield tag="670" ind1=" " ind2=" ">
    <subfield code="a">nuc86-94611: His Au cĹur de Verlaine et de Rimbaud, 1983</subfield>
    <subfield code="b">(hdg. on LU rept.: Coulon, Marcel, 1873- ; usage: Marcel Coulon)</subfield>
  </datafield>
</record>